
@MISC{mtl,
  title = {Hackage -- {mtl}},
  url = {http://hackage.haskell.org/package/mtl-2.1.2}
}

@MISC{stack,
  title = {All {A}bout {M}onads},
  author = {Newbern, Jeff},
  url = {http://monads.haskell.cz/html/stacking.html}
}

@incollection{wadler,
  year={1985},
  isbn={978-3-540-15975-9},
  booktitle={Functional {P}rogramming {L}anguages and {C}omputer {A}rchitecture},
  volume={201},
  series={Lecture Notes in Computer Science},
  editor={Jouannaud, Jean-Pierre},
  doi={10.1007/3-540-15975-4_33},
  title={How to replace failure by a list of successes a method for exception handling, backtracking, and pattern matching in lazy functional languages},
  url={http://dx.doi.org/10.1007/3-540-15975-4_33},
  publisher={Springer Berlin Heidelberg},
  author={Wadler, Philip},
  pages={113-128}
}

@article{hutton,
  title={Monadic parser combinators},
  author={Hutton, Graham and Meijer, Erik},
  year={1996},
  publisher={School of Computer Science and IT}
}

@article{hutton1992higher,
  title={Higher-order functions for parsing},
  author={Hutton, Graham},
  journal={Journal of {F}unctional {P}rogramming},
  volume={2},
  number={3},
  pages={323--343},
  year={1992},
  publisher={Cambridge Univ Press}
}

@article{leijen,
  title={Parsec: Direct style monadic parser combinators for the real world},
  author={Leijen, Daan and Meijer, Erik},
  year={2001}
}

@inproceedings{liang,
  title={Monad transformers and modular interpreters},
  author={Liang, Sheng and Hudak, Paul and Jones, Mark},
  booktitle={Proceedings of the 22nd ACM SIGPLAN-SIGACT symposium on Principles of programming languages},
  pages={333--343},
  year={1995},
  organization={ACM}
}

@inproceedings{Mizushima,
 author = {Mizushima, Kota and Maeda, Atusi and Yamaguchi, Yoshinori},
 title = {Packrat parsers can handle practical grammars in mostly constant space},
 booktitle = {Proceedings of the 9th ACM SIGPLAN-SIGSOFT workshop on Program analysis for software tools and engineering},
 series = {PASTE '10},
 year = {2010},
 isbn = {978-1-4503-0082-7},
 location = {Toronto, Ontario, Canada},
 pages = {29--36},
 numpages = {8},
 url = {http://doi.acm.org/10.1145/1806672.1806679},
 doi = {10.1145/1806672.1806679},
 acmid = {1806679},
 publisher = {ACM},
 address = {New York, NY, USA},
 keywords = {backtracking, cut operators, memoization, packrat parsing, parser generator, parsing expression grammars},
} 
