@inproceedings{type_inference_gadts,
 author = {Schrijvers, Tom and Peyton-Jones, Simon and Sulzmann, Martin and Vytiniotis, Dimitrios},
 title = {Complete and decidable type inference for {GADTs}},
 booktitle = {Proceedings of the 14th ACM SIGPLAN international conference on Functional programming},
 series = {ICFP '09},
 year = {2009},
 isbn = {978-1-60558-332-7},
 location = {Edinburgh, Scotland},
 pages = {341--352},
 numpages = {12},
 url = {http://doi.acm.org/10.1145/1596550.1596599},
 doi = {10.1145/1596550.1596599},
 acmid = {1596599},
 publisher = {ACM},
 address = {New York, NY, USA},
 keywords = {GADTs, Haskell, type inference},
}

@book{real_world_haskell,
 author = {O'Sullivan, Bryan and Goerzen, John and Stewart, Don},
 title = {Real World Haskell},
 year = {2008},
 isbn = {0596514980, 9780596514983},
 edition = {1st},
 publisher = {O'Reilly Media, Inc.},
} 

@unpublished{gadtless,
  title = "{GADTless} Programming in {Haskell} 98",
  author = "Martin Sulzmann and Meng Wang",
  year = "2006",
  url = {https://www.cs.ox.ac.uk/files/3060/gadtless.pdf},
}

@inproceedings{xmonad_in_coq,
 author = {Swierstra, Wouter},
 title = {xmonad in {Coq} (experience report): programming a window manager in a proof assistant},
 booktitle = {Proceedings of the 2012 symposium on Haskell symposium},
 series = {Haskell '12},
 year = {2012},
 isbn = {978-1-4503-1574-6},
 location = {Copenhagen, Denmark},
 pages = {131--136},
 numpages = {6},
 url = {http://doi.acm.org/10.1145/2364506.2364523},
 doi = {10.1145/2364506.2364523},
 acmid = {2364523},
 publisher = {ACM},
 address = {New York, NY, USA},
 keywords = {coq, dependent types, formal verification, functional programming, haskell, interactive proof assistants, program extraction, xmonad},
} 

@article{okasaki_red_black_trees,
 author = {Okasaki, Chris},
 title = {Red-black trees in a functional setting},
 journal = {Journal of Functional Programming},
 issue_date = {July 1999},
 volume = {9},
 number = {4},
 month = jul,
 year = {1999},
 issn = {0956-7968},
 pages = {471--477},
 numpages = {7},
 url = {http://dx.doi.org/10.1017/S0956796899003494},
 doi = {10.1017/S0956796899003494},
 acmid = {968583},
 publisher = {Cambridge University Press},
 address = {New York, NY, USA},
} 

@inproceedings{weirich_dependently_typed,
 author = {Weirich, Stephanie},
 title = {Dependently-Typed programming in {GHC}},
 booktitle = {Proceedings of the 11th international conference on Functional and Logic Programming},
 series = {FLOPS'12},
 year = {2012},
 isbn = {978-3-642-29821-9},
 location = {Kobe, Japan},
 pages = {3--3},
 numpages = {1},
 url = {http://dx.doi.org/10.1007/978-3-642-29822-6_3},
 doi = {10.1007/978-3-642-29822-6_3},
 acmid = {2342688},
 publisher = {Springer-Verlag},
 address = {Berlin, Heidelberg},
} 

@article{cardelli_typechecking,
 author = {Cardelli, Luca},
 title = {Basic polymorphic typechecking},
 journal = {Sci. Comput. Program.},
 issue_date = {April 1, 1987},
 volume = {8},
 number = {2},
 month = apr,
 year = {1987},
 issn = {0167-6423},
 pages = {147--172},
 numpages = {26},
 url = {http://dx.doi.org/10.1016/0167-6423(87)90019-0},
 doi = {10.1016/0167-6423(87)90019-0},
 acmid = {34882},
 publisher = {Elsevier North-Holland, Inc.},
 address = {Amsterdam, The Netherlands, The Netherlands},
} 

@article{finally_tagless,
 author = {Carette, Jacques and Kiselyov, Oleg and Shan, Chung-chieh},
 title = {Finally tagless, partially evaluated: Tagless staged interpreters for simpler typed languages},
 journal = {Journal of Functional Programming},
 issue_date = {September 2009},
 volume = {19},
 number = {5},
 month = sep,
 year = {2009},
 issn = {0956-7968},
 pages = {509--543},
 numpages = {35},
 url = {http://dx.doi.org/10.1017/S0956796809007205},
 doi = {10.1017/S0956796809007205},
 acmid = {1630626},
 publisher = {Cambridge University Press},
 address = {New York, NY, USA},
} 

@article{fun_with_phantom_types,
  title={Fun with phantom types},
  author={Hinze, R. and others},
  journal={The fun of programming},
  pages={245--262},
  year={2003}
}

@inproceedings{singletons,
 author = {Eisenberg, Richard A. and Weirich, Stephanie},
 title = {Dependently typed programming with singletons},
 booktitle = {Proceedings of the 2012 symposium on Haskell symposium},
 series = {Haskell '12},
 year = {2012},
 isbn = {978-1-4503-1574-6},
 location = {Copenhagen, Denmark},
 pages = {117--130},
 numpages = {14},
 url = {http://doi.acm.org/10.1145/2364506.2364522},
 doi = {10.1145/2364506.2364522},
 acmid = {2364522},
 publisher = {ACM},
 address = {New York, NY, USA},
 keywords = {dependently typed programming, gadts, haskell, singletons},
} 

@inproceedings{promotion,
 author = {Yorgey, Brent A. and Weirich, Stephanie and Cretin, Julien and Peyton Jones, Simon and Vytiniotis, Dimitrios and Magalh\~{a}es, Jos{\'e} Pedro},
 title = {Giving {Haskell} a promotion},
 booktitle = {Proceedings of the 8th ACM SIGPLAN workshop on Types in language design and implementation},
 series = {TLDI '12},
 year = {2012},
 isbn = {978-1-4503-1120-5},
 location = {Philadelphia, Pennsylvania, USA},
 pages = {53--66},
 numpages = {14},
 url = {http://doi.acm.org/10.1145/2103786.2103795},
 doi = {10.1145/2103786.2103795},
 acmid = {2103795},
 publisher = {ACM},
 address = {New York, NY, USA},
 keywords = {haskell, kinds, polymorphism, promotion},
} 

@inproceedings{replib,
 author = {Weirich, Stephanie},
 title = {{RepLib}: a library for derivable type classes},
 booktitle = {Proceedings of the 2006 ACM SIGPLAN workshop on Haskell},
 series = {Haskell '06},
 year = {2006},
 isbn = {1-59593-489-8},
 location = {Portland, Oregon, USA},
 pages = {1--12},
 numpages = {12},
 url = {http://doi.acm.org/10.1145/1159842.1159844},
 doi = {10.1145/1159842.1159844},
 acmid = {1159844},
 publisher = {ACM},
 address = {New York, NY, USA},
 keywords = {GADT, datatype-generic programming, representation types, type-indexed programming},
} 

@inproceedings{yampa_gadts,
 author = {Nilsson, Henrik},
 title = {Dynamic optimization for functional reactive programming using generalized algebraic data types},
 booktitle = {Proceedings of the tenth ACM SIGPLAN international conference on Functional programming},
 series = {ICFP '05},
 year = {2005},
 isbn = {1-59593-064-7},
 location = {Tallinn, Estonia},
 pages = {54--65},
 numpages = {12},
 url = {http://doi.acm.org/10.1145/1086365.1086374},
 doi = {10.1145/1086365.1086374},
 acmid = {1086374},
 publisher = {ACM},
 address = {New York, NY, USA},
 keywords = {DSEL, FRP, GADT, Haskell, Yampa, arrows, combinator library, domain-specific languages, functional programming, reactive programming, synchronous dataflow languages},
} 

@inproceedings{yampa,
 author = {Nilsson, Henrik and Courtney, Antony and Peterson, John},
 title = {Functional reactive programming, continued},
 booktitle = {Proceedings of the 2002 ACM SIGPLAN workshop on Haskell},
 series = {Haskell '02},
 year = {2002},
 isbn = {1-58113-605-6},
 location = {Pittsburgh, Pennsylvania},
 pages = {51--64},
 numpages = {14},
 url = {http://doi.acm.org/10.1145/581690.581695},
 doi = {10.1145/581690.581695},
 acmid = {581695},
 publisher = {ACM},
 address = {New York, NY, USA},
 keywords = {FRP, Haskell, domain-specific languages, functional programming, hybrid modeling, synchronous dataflow languages},
} 

@inproceedings{haskell_history,
 author = {Hudak, Paul and Hughes, John and Peyton Jones, Simon and Wadler, Philip},
 title = {A history of {H}askell: being lazy with class},
 booktitle = {Proceedings of the third ACM SIGPLAN conference on History of programming languages},
 series = {HOPL III},
 year = {2007},
 isbn = {978-1-59593-766-7},
 location = {San Diego, California},
 pages = {12-1--12-55},
 url = {http://doi.acm.org/10.1145/1238844.1238856},
 doi = {10.1145/1238844.1238856},
 acmid = {1238856},
 publisher = {ACM},
 address = {New York, NY, USA},
} 

@book{pierce_book,
 author = {Pierce, Benjamin C.},
 title = {Types and programming languages},
 year = {2002},
 isbn = {0-262-16209-1},
 publisher = {MIT Press},
 address = {Cambridge, MA, USA},
} 

@inproceedings{generic_programming,
 author = {Hinze, Ralf and Jeuring, Johan and L\"{o}h, Andres},
 title = {Comparing approaches to generic programming in {H}askell},
 booktitle = {Proceedings of the 2006 international conference on Datatype-generic programming},
 series = {SSDGP'06},
 year = {2007},
 isbn = {3-540-76785-1, 978-3-540-76785-5},
 location = {Nottingham, UK},
 pages = {72--149},
 numpages = {78},
 url = {http://dl.acm.org/citation.cfm?id=1782894.1782896},
 acmid = {1782896},
 publisher = {Springer-Verlag},
 address = {Berlin, Heidelberg},
} 

@inproceedings{open_data_types,
 author = {L\"{o}h, Andres and Hinze, Ralf},
 title = {Open data types and open functions},
 booktitle = {Proceedings of the 8th ACM SIGPLAN international conference on Principles and practice of declarative programming},
 series = {PPDP '06},
 year = {2006},
 isbn = {1-59593-388-3},
 location = {Venice, Italy},
 pages = {133--144},
 numpages = {12},
 url = {http://doi.acm.org/10.1145/1140335.1140352},
 doi = {10.1145/1140335.1140352},
 acmid = {1140352},
 publisher = {ACM},
 address = {New York, NY, USA},
 keywords = {Haskell, expression problem, extensible data types, extensible exceptions, extensible functions, functional programming, generic programming, mutually recursive modules},
}

@inproceedings{curry_howard,
 author = {Sheard, Tim},
 title = {Putting {C}urry-{H}oward to work},
 booktitle = {Proceedings of the 2005 ACM SIGPLAN workshop on Haskell},
 series = {Haskell '05},
 year = {2005},
 isbn = {1-59593-071-X},
 location = {Tallinn, Estonia},
 pages = {74--85},
 numpages = {12},
 url = {http://doi.acm.org/10.1145/1088348.1088356},
 doi = {10.1145/1088348.1088356},
 acmid = {1088356},
 publisher = {ACM},
 address = {New York, NY, USA},
 keywords = {GADT, curry-howard isomorphism, extensional kind system, haskell, logic},
} 

@InProceedings{omega,
  title =       "Programming in {O}mega",
  author =      "Tim Sheard and Nathan Linger",
  publisher =   "Springer",
  year =        "2007",
  volume =      "5161",
  booktitle =   "CEFP",
  editor =      "Zolt{\'a}n Horv{\'a}th and Rinus Plasmeijer and Anna
                 So{\'o}s and Vikt{\'o}ria Zs{\'o}k",
  ISBN =        "978-3-540-88058-5",
  pages =       "158--227",
  series =      "Lecture Notes in Computer Science",
  URL =         "http://dx.doi.org/10.1007/978-3-540-88059-2_5",
}












