@ARTICLE{graham69,
    author = {R. L. Graham},
    title = {Bounds on Multiprocessing Timing Anomalies},
    journal = {SIAM Journal on Applied Mathematics},
    year = {1969},
    volume = {17},
    number = {2},
    pages = {416--429}
}

@article{me_tfp13,
    author = {Michael Izbicki},
    title = {HLearn: A Machine Learning Library for Haskell},
    journal = {Trends in Functional Programming},
    year = {2013}
}

@misc{hlearn,
  title = {HLearn Source Repository},
  howpublished = {\url{http://github.com/mikeizbicki/hlearn}}
}

@inbook{hochbaum96scheduling,
author = {Leslie A. Hall},
chapter = {Approximation Algorithms for Scheduling},
crossref = {hochbaum96}
}


@inbook{hochbaum96binpacking,
author = {E.G. Coffman Jr. and M.R. Garey and D.S. Johnson},
chapter = {Approximation Algorithms for Bin Packing: A Survey},
crossref = {hochbaum96}
}

@book{hochbaum96,
 editor = {Hochbaum, Dorit S.},
 title = {Approximation algorithms for NP-hard problems},
 year = {1997},
 isbn = {0-534-94968-1},
 publisher = {PWS Publishing Co.},
 address = {Boston, MA, USA},
} 